<?xml version="1.0" encoding="UTF-8"?><collection xmlns="http://www.loc.gov/MARC21/slim"><record><leader>00417nam--2200157-i-4500</leader><controlfield tag="001">000038485</controlfield><controlfield tag="002">20161230</controlfield><controlfield tag="005">20161230201041</controlfield><controlfield tag="008">060222s1000------------r-----000-0-eng-d</controlfield><datafield ind1=" " ind2=" " tag="080"><subfield code="a">518</subfield></datafield><datafield ind1=" " ind2=" " tag="100"><subfield code="a">Redheffer,R.M. And Sokolnikoff,I.S</subfield></datafield><datafield ind1=" " ind2=" " tag="245"><subfield code="a">Mathematics of physiscs and modern engineering</subfield></datafield><datafield ind1=" " ind2=" " tag="260"><subfield code="a">New York, Mcgraw-hill Book Co.,1966</subfield></datafield><datafield ind1=" " ind2=" " tag="300"><subfield code="a">752 P</subfield></datafield><datafield ind1=" " ind2=" " tag="852"><subfield code="a">25071</subfield></datafield><datafield ind1=" " ind2=" " tag="CAT"><subfield code="a">Sys</subfield><subfield code="c">20080402</subfield><subfield code="h">133417</subfield></datafield></record></collection>